@manual{ACM,
 title="Artifact Review and Badging - Current",
 note = {\url{https://www.acm.org/publications/policies/artifact-review-and-badging-current}},
}

@manual{NISO,
 title="NISO RP-31-2021, Reproducibility Badging and Definitions",
 note = {\url{https://doi.org/10.3789/niso-rp-31-2021}},
}

@manual{GITHUB,
 title="Artifact Badging Guide",
 note = {\url{https://github.com/jungwonkim/acm_badging}},
}

